<?xml version="1.0" encoding="UTF-8"?>
<record xmlns="http://www.loc.gov/MARC21/slim" xmlns:xsi="http://www.w3.org/2001/XMLSchema-instance" xsi:schemaLocation="http://www.loc.gov/MARC21/slim http://www.loc.gov/standards/marcxml/schema/MARC21slim.xsd">
<leader>     nam a2200313 a 4500</leader>
<controlfield tag="001">001708723</controlfield>
<controlfield tag="003">NNU</controlfield>
<controlfield tag="005">20061010170957.0</controlfield>
<controlfield tag="008">010308s1963    sy h    ab    000 0 ara d</controlfield>
<datafield tag="035" ind1="9" ind2=" ">
<subfield code="a">NYUb12259919</subfield>
</datafield>
<datafield tag="035" ind1=" " ind2=" ">
<subfield code="a">(CStRLIN)NYUG01-B1171</subfield>
</datafield>
<datafield tag="040" ind1=" " ind2=" ">
<subfield code="a">NjP</subfield>
<subfield code="c">NjP</subfield>
<subfield code="d">NNU</subfield>
</datafield>
<datafield tag="050" ind1=" " ind2="4">
<subfield code="a">BP75.4</subfield>
<subfield code="b">.J33 1963</subfield>
</datafield>
<datafield tag="066" ind1=" " ind2=" ">
<subfield code="c">(3</subfield>
</datafield>
<datafield tag="090" ind1=" " ind2=" ">
<subfield code="a">BP75.4</subfield>
<subfield code="b">.J33 1963</subfield>
</datafield>
<datafield tag="100" ind1="1" ind2=" ">
<subfield code="a">Jahḍamī, Ismāʻīl ibn Isḥāq,</subfield>
<subfield code="d">815 or 16-895 or 6</subfield>
<subfield code="6">880-01</subfield>
</datafield>
<datafield tag="245" ind1="1" ind2="0">
<subfield code="6">880-02</subfield>
<subfield code="a">Faḍl al-ṣalāh ʻalá al-Nabī, ṣallá Allāh ʻalayhi wa-ālihi wa-sallam /</subfield>
<subfield code="c">taʼlīf Ismāʻīl ibn Isḥāq al-Qāḍī ; bi-taḥqīq Muḥammad Nāṣir al-Dīn al-Albānī.</subfield>
</datafield>
<datafield tag="250" ind1=" " ind2=" ">
<subfield code="6">880-03</subfield>
<subfield code="a">al-Ṭabʻah 1.</subfield>
</datafield>
<datafield tag="260" ind1=" " ind2=" ">
<subfield code="6">880-04</subfield>
<subfield code="a">Dimashq :</subfield>
<subfield code="b">al-Maktab al-Islāmī,</subfield>
<subfield code="c">1963.</subfield>
</datafield>
<datafield tag="300" ind1=" " ind2=" ">
<subfield code="a">12, 45 p. :</subfield>
<subfield code="b">facsims. ;</subfield>
<subfield code="c">20 cm.</subfield>
</datafield>
<datafield tag="504" ind1=" " ind2=" ">
<subfield code="a">Includes bibliographical references.</subfield>
</datafield>
<datafield tag="600" ind1="0" ind2="0">
<subfield code="a">Muḥammad,</subfield>
<subfield code="c">Prophet,</subfield>
<subfield code="d">d. 632.</subfield>
</datafield>
<datafield tag="650" ind1=" " ind2="0">
<subfield code="a">Prayer</subfield>
<subfield code="x">Islam</subfield>
<subfield code="v">Early works to 1800.</subfield>
</datafield>
<datafield tag="700" ind1="1" ind2=" ">
<subfield code="a">Albānī, Muḥammad Nāṣir al-Dīn</subfield>
<subfield code="6">880-05</subfield>
</datafield>
<datafield tag="880" ind1="1" ind2=" ">
<subfield code="6">100-01/</subfield>
<subfield code="a">جهضمي، اسماعيل بن اسحاق.</subfield>
</datafield>
<datafield tag="880" ind1="1" ind2="0">
<subfield code="6">245-02/</subfield>
<subfield code="a">فضل الصلاة على النبي، سلى الله عليه وآله وسلم /</subfield>
<subfield code="c">تأليف اسماعيل بن اسحاق القاضي ؛ بتحقيق محمد ناصر الدين الألباني.</subfield>
</datafield>
<datafield tag="880" ind1=" " ind2=" ">
<subfield code="6">250-03/</subfield>
<subfield code="a">الطبعة ١.</subfield>
</datafield>
<datafield tag="880" ind1=" " ind2=" ">
<subfield code="6">260-04/</subfield>
<subfield code="a">دمشق :</subfield>
<subfield code="b">المكتب الاسلامي،</subfield>
<subfield code="c">١٩٦٣.</subfield>
</datafield>
<datafield tag="880" ind1="1" ind2=" ">
<subfield code="6">700-05/</subfield>
<subfield code="a">أاباني، محمد ناصر الدين.</subfield>
</datafield>
<datafield tag="OWN" ind1=" " ind2=" ">
<subfield code="a">GENERAL</subfield>
</datafield>
<datafield tag="998" ind1=" " ind2=" ">
<subfield code="a">20010308</subfield>
<subfield code="d">20010308</subfield>
<subfield code="d">20020619</subfield>
<subfield code="n">NNU</subfield>
<subfield code="s">1</subfield>
<subfield code="t">c</subfield>
<subfield code="z">p</subfield>
</datafield>
<datafield tag="AVA" ind1=" " ind2=" ">
<subfield code="a">NYU50</subfield>
<subfield code="b">BOBST</subfield>
<subfield code="c">Main Collection</subfield>
<subfield code="d">BP75.4 .J33 1963</subfield>
<subfield code="e">unavailable</subfield>
<subfield code="t">Unavailable</subfield>
<subfield code="f">1</subfield>
<subfield code="g">1</subfield>
<subfield code="h">N</subfield>
<subfield code="i">0</subfield>
<subfield code="j">MAIN</subfield>
<subfield code="k">0</subfield>
</datafield>
</record>
